<?xml version="1.0" encoding="UTF-8"?><collection xmlns="http://www.loc.gov/MARC21/slim"><record><leader>00494nam--2200157-i-4500</leader><controlfield tag="001">000023621</controlfield><controlfield tag="002">20161230</controlfield><controlfield tag="005">20170127204401</controlfield><controlfield tag="008">060222s1000------------r-----000-0-eng-d</controlfield><datafield ind1=" " ind2=" " tag="080"><subfield code="a">621.375.826:533.9.07(043)</subfield></datafield><datafield ind1=" " ind2=" " tag="100"><subfield code="a">Holstein, Pierre-Andsre</subfield></datafield><datafield ind1=" " ind2=" " tag="245"><subfield code="a">Interaction d`un plasma cree par laser avec une decharge electronique focalisante du type focus</subfield><subfield code="b">these</subfield></datafield><datafield ind1=" " ind2=" " tag="260"><subfield code="a">Paris, Orsay</subfield><subfield code="b">L`Universite De Paris-sud</subfield><subfield code="c">1975</subfield></datafield><datafield ind1=" " ind2=" " tag="300"><subfield code="a">100 p</subfield></datafield><datafield ind1=" " ind2=" " tag="852"><subfield code="a">44179</subfield></datafield><datafield ind1=" " ind2=" " tag="CAT"><subfield code="a">SYS</subfield><subfield code="c">20170127</subfield><subfield code="h">204401</subfield></datafield></record></collection>